@string{SP="IEEE Security and Privacy Magazine"}
@string{CODASPY="ACM Conference on Data and Application Security and Privacy"}
@string{ATC="Usenix Annual Technical Conference"}
@string{CSUR="ACM Computing Surveys"}
@string{RTSS="Real-Time Systems Symposium"}
@string{arXiv="arXiv Technical Report"}
@string{LangSec="Language-theoretic Security IEEE Security and Privacy Workshop"}
@string{CCS="ACM Conference on Computer and Communication Security"}
@string{IOTSP="Workshop on the Internet of Things Security and Privacy"}
@string{NDSS="Network and Distributed System Security Symposium"}
@string{ISPASS="International Symposium on Performance Analysis of Systems and Software"}
@string{CCC="Chaos Communication Congress"}
@string{NSPW="New Security Paradigms Workshop"}
@string{BHEU="BlackHat Europe"}
@string{TR="Technical Report"}
@string{PLDI="ACM International Conference on Programming Language Design and Implementation"}
@string{EuroSP="IEEE European Symposium on Security and Privacy"}
@string{SS3P="Open Textbook"}
@string{DIMVA="Conference on Detection of Intrusions and Malware and Vulnerability Assessment"}
@string{ISMM="ACM SIGPLAN International Symposium on Memory Management"}
@string{ESSoS="Int'l. Symp. on Eng. Secure Software and Systems"}
@string{SEC="Usenix Security Symposium"}
@string{IMC="ACM Internet Measurement Conference"}
@string{TSE="IEEE Transactions on Software Engineering"}
@string{CC="International Conference on Compiler Construction"}
@string{STM="International Workshop on Security and Trust Management"}
@string{ArmsRace="The Continuing Arms Race"}
@string{TRB="Transportation Research Board"}
@string{FEAST="Forming an Ecosystem Around Software Transformation"}
@string{DSN="IEEE/IFIP International Conference on Dependable Systems and Networks"}
@string{SyScan360="Symposium on Security for Asia Network + 360"}
@string{BalCCon="Balkan Computer Congress"}
@string{DSAL="AOSD workshop on Domain-Specific Aspect Languages"}
@string{ESORICS="European Symposium on Research in Computer Security"}
@string{WOOT="Usenix Workshop on Offensive Technologies"}
@string{TIFS="IEEE Transactions on Information Forensics and Security"}
@string{HotSWUp="Usenix Workshop on Hot Topics in Software Upgrades"}
@string{AsiaCCS="ACM Symp. on InformAtion, Computer and Communications Security"}
@string{AMAS-BT="Workshop on Architectural and Microarchitectural Support for Binary Translation"}
@string{PPREW="Program Protection and Reverse Engineering Workshop"}
@string{SYSTOR="ACM International Systems and Storage Conference"}
@string{VEE="ACM International Conference on Virtual Execution Environments"}
@string{OSDI="Usenix Symposium on Operating Systems Design and Implementation"}
@string{Oakland="IEEE International Symposium on Security and Privacy"}
@string{PST="IEEE Conference on Privacy, Security, and Trust"}

@article{wifi2016,
  author={},
  journal={IEEE Std 802.11-2016 (Revision of IEEE Std 802.11-2012)},
  title={IEEE Standard for Information technology—Telecommunications and information exchange between systems Local and metropolitan area networks—Specific requirements - Part 11: Wireless LAN Medium Access Control (MAC) and Physical Layer (PHY) Specifications},
  year={2016},
  volume={},
  number={},
  pages={1--3534},
  doi={10.1109/IEEESTD.2016.7786995}
}

@article{wifiDirect,
  author={Camps-Mur, Daniel and Garcia-Saavedra, Andres and Serrano, Pablo},
  journal={IEEE Wireless Communications},
  title={Device-to-device communications with Wi-Fi Direct: overview and experimentation},
  year={2013},
  volume={20},
  number={3},
  pages={96-104},
  doi={10.1109/MWC.2013.6549288}
}


@misc{bluetooth,
  title = {Bluetooth Core Specification Version 5.2 Feature Overview},
  author = {Martin Woolley},
  year = {2020},
  page = {1--37},
  url  =  {https://www.bluetooth.com/wp-content/uploads/2020/01/Bluetooth_5.2_Feature_Overview.pdf},
  note = {Accessed: June 08, 2021},
}


@inproceedings{appleAWDL,
  title={One Billion Apples' Secret Sauce: Recipe for the Apple Wireless Direct Link Ad hoc Protocol},
  author={Stute, Milan and Kreitschmann, David and Hollick, Matthias},
  booktitle={Proceedings of the 24th Annual International Conference on Mobile Computing and Networking},
  pages={529–-543},
  year={2018},
  doi={10.1145/3241539.3241566}
}

@inproceedings{tarr2019secure,
  title={Secure scuttlebutt: An identity-centric protocol for subjective and decentralized applications},
  author={Tarr, Dominic and Lavoie, Erick and Meyer, Aljoscha and Tschudin, Christian},
  booktitle={Proceedings of the 6th ACM Conference on Information-Centric Networking},
  pages={1--11},
  year={2019},
  doi={10.1145/3357150.3357396}
}

@inproceedings{kermarrec2020gossiping,
  title={Gossiping with Append-Only Logs in Secure-Scuttlebutt},
  author={Kermarrec, Anne-Marie and Lavoie, Erick and Tschudin, Christian},
  booktitle={Proceedings of the 1st International Workshop on Distributed Infrastructure for Common Good},
  pages={19--24},
  year={2020},
  doi={10.1145/3428662.3428794}
}
